% Encoding: UTF-8


@Article{AGARWAL2008520,
  author   = {Richa Agarwal and Özlem Ergun},
  title    = {Mechanism design for a multicommodity flow game in service network alliances},
  journal  = {Operations Research Letters},
  year     = {2008},
  volume   = {36},
  number   = {5},
  pages    = {520-524},
  issn     = {0167-6377},
  doi      = {10.1016/j.orl.2008.04.007},
  keywords = {Mechanism design, Multicommodity flow game, Inverse optimization},
}

@Article{BALLOT2010,
  author    = {Eric Ballot and Frédéric Fontane},
  title     = {Reducing transportation CO2 emissions through pooling of supply networks: perspectives from a case study in French retail chains},
  journal   = {Production Planning \& Control},
  year      = {2010},
  volume    = {21},
  number    = {6},
  pages     = {640-650},
  doi       = {10.1080/09537287.2010.489276},
  publisher = {Taylor \& Francis},
}

@Article{DEFRYN20191,
  author   = {Christof Defryn and Kenneth Sörensen and Wout Dullaert},
  title    = {Integrating partner objectives in horizontal logistics optimisation models},
  journal  = {Omega},
  year     = {2019},
  volume   = {82},
  pages    = {1-12},
  issn     = {0305-0483},
  doi      = {10.1016/j.omega.2017.11.008},
  keywords = {Horizontal logistics cooperation, Multi-objective optimisation, Clustered vehicle routing problem},
}

@Article{AGARWAL2008175,
  author  = {Richa Agarwal and Özlem Ergun},
  title   = {Ship Scheduling and Network Design for Cargo Routing in Liner Shipping},
  journal = {Transportation Science},
  year    = {2008},
  volume  = {42},
  number  = {2},
  pages   = {175-196},
  doi     = {10.1287/trsc.1070.0205},
  
}

@article{VERDONCK2013,
  author = {Lotte Verdonck and An Caris and Katrien Ramaekers and Gerrit Janssens},
  year = {2013},
  month = {10},
  pages = {700-719},
  title = {Collaborative Logistics from the Perspective of Road Transportation Companies},
  volume = {33},
  journal = {Transport Reviews},
  doi = {10.1080/01441647.2013.853706}
}

@Book{SHAPLEY1952,
  title     = {A Value for N-Person Games},
  publisher = {RAND Corporation},
  year      = {1952},
  author    = {Lloyd S. Shapley},
  address   = {Santa Monica, CA},
  doi       = {10.7249/P0295},
}

@Book{GONZALEZ2010,
	doi = {10.1090/gsm/115},
	year = {2010},
	month = {5},
	publisher = {American Mathematical Society},
	author = {Julio González-Diaz and Ignacio García-Jurado
	and M. Gloria Fiestras-Janeiro},
	title = {An Introductory Course on Mathematical Game Theory}
}

@Book{BRANDENBURGER1996,
	year = {1996},
  title={Co-opetition},
  author={Adam M. Brandenburger, and Barry J. Nalebuff},
  publisher= {Crown Business},
  month={5},
}

@Article{ANUPINDI2001,
author = {Ravi Anupindi and Yehuda Bassok and Eitan Zemel},
year = {2001},
month = {10},
pages = {349-368},
title = {A General Framework for the Study of Decentralized Distribution Systems},
volume = {3},
journal = {Manufacturing \& Service Operations Management},
doi = {10.1287/msom.3.4.349.9973}
}


@Article{DEFRYN2018891,
  author  = {Christof Defryn and Kenneth Sörensen},
  title   = {Multi-objective optimisation models for the travelling salesman problem with horizontal cooperation},
  journal = {European Journal of Operational Research},
  year    = {2018},
  volume  = {267},
  number  = {3},
  pages   = {891-903},
  doi     = {10.1016/j.ejor.2017.12.028},
}

@Article{VANOVERMEIRE2014125,
  author  = {Christine Vanovermeire and Kenneth Sörensen},
  title   = {Integration of the cost allocation in the optimization of collaborative bundling},
  journal = {Transportation Research Part E: Logistics and Transportation Review},
  year    = {2014},
  volume  = {72},
  pages   = {125-143},
  doi     = {10.1016/j.tre.2014.09.009},
}

@Book{AHUJA1993,
  title     = {Network Flows: Theory, Algorithms, and Applications},
  publisher = {Prentice-Hall, Inc.},
  year      = {1993},
  author    = {Ravindra K. Ahuja and Thomas L. Magnanti and James B. Orlin},
}

@Article{SOYSAL2018168,
title = {Modeling a green inventory routing problem for perishable products with horizontal collaboration},
journal = {Computers \& Operations Research},
volume = {89},
pages = {168-182},
year = {2018},
doi = {doi.org/10.1016/j.cor.2016.02.003},
author = {Mehmet Soysal and Jacqueline M. Bloemhof-Ruwaard and Rene Haijema and Jack G.A.J. {van der Vorst}},
keywords = {Inventory routing, Horizontal collaboration, Energy consumption, Perishability, Demand uncertainty},
}


@Article{SERRANO2017,
  title={Horizontal collaboration in freight transport: concepts, benefits and environmental challenges},
  author={Adrian Serrano-Hernandez and Angel A. Juan and Javier Faulin and Elena Perez-Bernabeu},
  journal={SORT},
  volume={1},
  pages={393--414},
  year={2017},
  publisher={Institut d'Estad{\'\i}stica de Catalunya}
}

@article{ZENG2015,
author = {Fue Zeng and Ying Chen and Maggie Dong and Jinhui Zheng},
year = {2015},
month = {02},
title = {Understanding distributor opportunism in a horizontal network},
volume = {46},
journal = {Industrial Marketing Management},
doi = {10.1016/j.indmarman.2015.01.018}
}

@Inbook{KARP1972,
author={Richard M. Karp},
title={Reducibility among Combinatorial Problems},
bookTitle={Complexity of Computer Computations: Proceedings of a symposium on the Complexity of Computer Computations, held March 20--22, 1972, at the IBM Thomas J. Watson Research Center, Yorktown Heights, New York, and sponsored by the Office of Naval Research, Mathematics Program, IBM World Trade Corporation, and the IBM Research Mathematical Sciences Department},
year={1972},
publisher={Springer US},
address={Boston, MA},
pages={85--103},
doi={10.1007/978-1-4684-2001-2_9},
}



@article{WANG2014,
author = {Xin Wang and Herbert Kopfer},
year = {2014},
month = {03},
pages = {},
title = {Collaborative transportation planning of less-than-truckload freight},
volume = {36},
journal = {OR Spectrum},
doi = {10.1007/s00291-013-0331-x}
}

@article{HERNANDEZ2014,
author = {Salvador Hernández and Srinivas Peeta},
title = {A carrier collaboration problem for less-than-truckload carriers: characteristics and carrier collaboration model},
journal = {Transportmetrica A: Transport Science},
volume = {10},
number = {4},
pages = {327-349},
year  = {2014},
publisher = {Taylor & Francis},
doi = {10.1080/23249935.2013.766279},
}

@article{GANSTERER2017,
author = {Margaretha Gansterer and Richard Hartl},
year = {2017},
month = {06},
pages = {},
title = {Collaborative vehicle routing: A survey},
journal = {European Journal of Operational Research},
doi = {10.1016/j.ejor.2017.10.023}
}


@online{MCFPWEB,
  author = {{University of Pisa}},
  title = {Multicommodity flow problems},
  url = {http://groups.di.unipi.it/optimize/Data/MMCF.html},
  urldate = {2021-07-25}
}

@Article{PAN2019,
author = {Shenle Pan and Damien Trentesaux and Eric Ballot and George Q. Huang},
title = {Horizontal collaborative transport: survey of solutions and practical implementation issues},
journal = {International Journal of Production Research},
volume = {57},
number = {15-16},
pages = {5340-5361},
year  = {2019},
publisher = {Taylor & Francis},
doi = {10.1080/00207543.2019.1574040},

}





@Comment{jabref-meta: databaseType:bibtex;}
