@article{Agarwal2008,
  doi = {10.1016/j.orl.2008.04.007},
  year = {2008},
  month = sep,
  publisher = {Elsevier {BV}},
  volume = {36},
  number = {5},
  pages = {520--524},
  author = {Richa Agarwal and \"{O}zlem Ergun},
  title = {Mechanism design for a multicommodity flow game in service network alliances},
  journal = {Operations Research Letters}
}